<record><leader>00000cas a22000007a 4500</leader><controlfield tag="001">13842319</controlfield><controlfield tag="008">860709d19861987tnuwr ne      0   a0eng d</controlfield><datafield ind1=" " ind2=" " tag="010"><subfield code="a">sn 86001744 </subfield></datafield><datafield ind1=" " ind2=" " tag="040"><subfield code="a">NSD</subfield><subfield code="b">eng</subfield><subfield code="c">NSD</subfield><subfield code="d">KNP</subfield><subfield code="d">TGN</subfield><subfield code="d">OCLCQ</subfield><subfield code="d">OCLCF</subfield><subfield code="d">OCLCO</subfield></datafield><datafield ind1=" " ind2=" " tag="012"><subfield code="m">y</subfield></datafield><datafield ind1="1" ind2=" " tag="022"><subfield code="a">0889-2830</subfield><subfield code="l">0889-2830</subfield><subfield code="y">0746-3189</subfield><subfield code="2">1</subfield></datafield><datafield ind1="1" ind2=" " tag="029"><subfield code="a">AU@</subfield><subfield code="b">000025803294</subfield></datafield><datafield ind1=" " ind2=" " tag="032"><subfield code="a">703710</subfield><subfield code="b">USPS</subfield></datafield><datafield ind1=" " ind2=" " tag="042"><subfield code="a">nsdp</subfield><subfield code="a">msc</subfield></datafield><datafield ind1=" " ind2=" " tag="043"><subfield code="a">n-us-tn</subfield></datafield><datafield ind1="0" ind2=" " tag="130"><subfield code="a">Enterprise (Spring City, Tenn.)</subfield></datafield><datafield ind1=" " ind2="4" tag="222"><subfield code="a">The Enterprise</subfield><subfield code="b">(Spring City, Tenn.)</subfield></datafield><datafield ind1="1" ind2="4" tag="245"><subfield code="a">The enterprise.</subfield></datafield><datafield ind1="1" ind2=" " tag="246"><subfield code="i">Colophon title:</subfield><subfield code="a">Spring City enterprise</subfield><subfield code="f">Apr. 24-May 1, 1986</subfield></datafield><datafield ind1=" " ind2=" " tag="260"><subfield code="a">Spring City, Tenn. :</subfield><subfield code="b">Don Price,</subfield><subfield code="c">1986-1987.</subfield></datafield><datafield ind1=" " ind2=" " tag="300"><subfield code="a">v. :</subfield><subfield code="b">ill.</subfield></datafield><datafield ind1=" " ind2=" " tag="310"><subfield code="a">Weekly</subfield></datafield><datafield ind1="0" ind2=" " tag="362"><subfield code="a">Vol. 5, no. 2 (Apr. 24, 1986)-v. 6, no. 31 (Nov. 12, 1987).</subfield></datafield><datafield ind1=" " ind2=" " tag="500"><subfield code="a">Owner: Don Price, 1986-1987.</subfield></datafield><datafield ind1=" " ind2="0" tag="651"><subfield code="a">Spring City (Tenn.)</subfield><subfield code="v">Newspapers.</subfield></datafield><datafield ind1=" " ind2="0" tag="651"><subfield code="a">Rhea County (Tenn.)</subfield><subfield code="v">Newspapers.</subfield></datafield><datafield ind1=" " ind2="7" tag="655"><subfield code="a">Newspapers.</subfield><subfield code="2">fast</subfield><subfield code="0">(OCoLC)fst01423814</subfield></datafield><datafield ind1=" " ind2="7" tag="651"><subfield code="a">Tennessee</subfield><subfield code="z">Rhea County.</subfield><subfield code="2">fast</subfield><subfield code="0">(OCoLC)fst01216911</subfield></datafield><datafield ind1=" " ind2="7" tag="651"><subfield code="a">Tennessee</subfield><subfield code="z">Spring City.</subfield><subfield code="2">fast</subfield><subfield code="0">(OCoLC)fst01256360</subfield></datafield><datafield ind1=" " ind2=" " tag="752"><subfield code="a">United States</subfield><subfield code="b">Tennessee</subfield><subfield code="c">Rhea</subfield><subfield code="d">Spring City.</subfield></datafield><datafield ind1="0" ind2="0" tag="780"><subfield code="t">Spring City enterprise (Spring City, Tenn. : 1982)</subfield><subfield code="x">0746-3189</subfield><subfield code="w">(DLC)sn 83002612</subfield></datafield></record>